3352 4680
7 109 24 137 ·-
55 105 90 175 ³,
148 83 222 188 ἵξῃ,-
268 95 363 184 ,ast
389 89 464 178 ·.'''
582 151 586 162 ,
690 163 696 174 ,
791 155 795 167 ,
858 119 864 133 ·
978 138 982 145 .
1124 147 1251 181 4,
1297 128 1302 137 .
1394 65 1407 129 l

16 178 25 194 ’
88 206 117 251 -’
167 128 279 253 ¹·ss
329 163 355 226 ’ξ
741 190 1056 271 PRAEFATIO.
1133 190 1137 196 ’
1195 184 1198 191 ’
1285 198 1288 203 ’
1351 192 1429 225 ‘'⁴''

136 272 387 401 ‚media
401 340 450 399 per
465 318 610 381 historicos
642 314 737 391 telloe,
773 324 801 377 δι
829 336 1021 379 monumenta
1050 314 1207 399 conquiri,
1229 320 1259 379 dt
1277 316 1423 399 ponderari
1443 317 1576 391 debent,
1600 338 1639 379 an

146 406 277 485 nimirum
288 403 323 466 ad
339 402 518 484 probandum
535 400 642 465 cultum
654 400 902 469 immemorialent,
924 402 969 463 seu
987 404 1172 464 centenarium
1194 400 1254 486 [ita
1268 406 1340 463 eninr
1355 402 1483 463 Urbanus
1497 407 1568 464 vm.
1589 422 1640 485 per

144 510 252 551 aovarn
261 488 371 551 Bullanr
389 488 432 551 die
447 502 475 573 ς.
492 488 560 575 Julii
577 487 664 571 1634.
687 490 890 549 immemoriale
903 506 1014 573 temput
1030 488 1179 551 declaravit
1205 496 1235 549 oc
1255 485 1401 571 definivit]
1426 484 1640 549 concludant&

144 572 304 639 sufficiantl
330 596 412 656 qua,
424 574 445 636 li
457 597 517 638 non
533 574 641 647 adfint,
660 571 707 635 vii
724 597 783 638 non
796 572 886 637 cnltr'lt
900 573 1156 659 progrediendum,
1180 576 1210 635 bt
1230 572 1310 659 figna
1329 574 1422 635 cultris
1439 571 1534 632 saltem
1556 576 1639 633 tami·

145 658 206 745 sper
213 682 267 745 pto
281 660 442 723 obedientia
457 663 597 725 ditiorum
613 666 794 723 Decretorum
808 660 983 736 amovenda,
1007 660 1048 723 fin
1064 656 1133 723 verd
1157 680 1191 722 er
1209 657 1370 739 conquisitis
1389 658 1488 718 Probie
1508 676 1639 721 centena.

145 748 205 808 rius
217 746 308 807 cultut
324 766 387 809 ame
406 747 512 809 bullam
530 766 673 833 appareat,
696 748 725 808 in
741 747 804 809 casu
820 764 936 831 excepto
952 746 1094 830 agendum
1111 746 1165 818 cst,
1183 742 1262 826 quod
1277 767 1330 827 pro
1345 750 1430 805 Servo
1444 748 1497 804 Dei
1512 740 1549 803 ed
1566 748 1639 831 glo.

144 830 263 906 tioliur,
285 837 351 915 quia
369 840 397 895 δι
412 832 542 917 pullellio
556 834 742 895 venerationis
755 838 952 905 continuatur,
973 838 1001 893 δι
1020 828 1203 915 figna'cultrit
1222 850 1353 901 manente
1372 835 1400 889 br
1429 848 1497 891 tunc
1519 828 1579 891 dno
1591 832 1639 893 in.

144 918 268 981 llruendi
281 919 345 979 sunt
358 914 495 999 procellua
508 940 580 982 unua
594 918 672 1001 super
688 920 762 980 fama
774 918 919 982 sanflitatit
936 918 1071 979 virtutum
1101 924 1129 979 δι
1145 915 1339 977 miraculorum
1359 917 1435 974 Servi
1455 916 1526 986 Dei,
1547 936 1636 997 quem

145 1024 249 1067 vocant
266 998 493 1069 Iant'ma's
509 998 611 1069 caule.
651 1005 760 1065 Seilan
776 1004 857 1065 caufit
878 1002 1048 1066 Venerabilis
1060 1006 1134 1063 Servi
1149 1006 1200 1063 Dei
1218 1000 1313 1062 cotani
1334 998 1496 1081 Apostolica
1518 1000 1590 1063 Sede
1601 1002 1636 1063 fit

148 1089 372 1153 introducenda.
394 1089 601 1152 &ventilanda
644 1088 722 1151 Alter
732 1090 813 1172 super
828 1090 902 1151 calu
917 1108 1051 1171 excepto,
1070 1088 1117 1149 seu
1133 1086 1218 1148 Cultu
1232 1084 1446 1149 immemorabili
1465 1093 1552 1146 Servo
1577 1094 1637 1151 ὓΕΙ

145 1192 209 1237 ante
224 1172 329 1235 bullam
344 1176 456 1238 Urbani
471 1182 539 1237 Vlll.
554 1174 697 1246 exhibitt⁴>3
719 1176 838 1249 etenim,
868 1175 889 1236 li
918 1173 954 1235 de
973 1175 1102 1236 alterutro
1137 1196 1197 1234 non
1224 1174 1355 1245 constat,
1379 1167 1458 1231 nulla
1479 1168 1636 1256 lignaturd

87 1297 91 1307 .
144 1260 258 1323 summo
276 1258 412 1322 l’ontihee
425 1258 613 1335 commillio,
633 1269 662 1324 δι
676 1260 756 1324 causa
776 1260 928 1347 deponitur
943 1277 1078 1343 tauquam
1093 1257 1167 1323 vitib
1182 1258 1326 1333 laborans,
1345 1277 1404 1317 nou
1423 1256 1566 1340 ampliur,
1587 1276 1636 1321 aut

145 1344 242 1411 saltem
265 1366 324 1407 non
339 1346 416 1407 larild
431 1336 627 1409 reallumcnda.

229 1432 250 1506 ρ.
272 1438 311 1491 Ex
325 1431 501 1519 generalibus
515 1433 588 1494 hisce
603 1431 743 1517 principiis
757 1428 819 1493 lluit
832 1426 914 1512 quaid
931 1433 960 1491 in
975 1428 1056 1491 causa
1072 1428 1288 1490 beatificationis
1300 1426 1472 1490 Venerabilis
1490 1429 1566 1491 Servi
1578 1430 1632 1491 Dei

143 1517 270 1591 Jtcnnis
282 1528 478 1606 Neptmucem'
491 1520 621 1581 alterutra
636 1518 684 1579 via
698 1516 763 1601 eligi
777 1516 920 1589 debuerit,
940 1534 973 1577 ut
985 1514 1030 1578 vel
1044 1515 1122 1601 signa
1143 1513 1234 1576 culnia
1248 1533 1452 1589 amoveantur,
1462 1512 1521 1575 vel
1530 1516 1633 1595 proba·

144 1600 189 1663 tio
202 1601 292 1665 cultris
314 1604 418 1686 publici
434 1610 462 1667 ci
483 1605 518 1666 ab
533 1626 611 1667 anno
625 1616 697 1689 1533.
709 1604 826 1664 exhibiti
838 1602 1015 1685 suscipiatur,
1034 1608 1062 1663 δι
1080 1602 1146 1679 quia
1160 1600 1279 1683 primunt
1295 1603 1361 1661 citra
1377 1598 1478 1683 populi
1498 1598 1634 1665 olienlio·

145 1704 210 1749 uena
227 1689 427 1751 &scandalum
441 1688 499 1753 fieri
519 1714 580 1753 nnn
599 1708 721 1773 poterat,
750 1692 818 1774 quia
833 1688 963 1771 quotidie
977 1688 1012 1751 ad
1030 1710 1089 1761 ctus
1101 1688 1243 1749 tumulum
1263 1686 1365 1748 summi
1386 1692 1415 1749 δι
1434 1684 1524 1747 infimi
1538 1688 1568 1749 in
1581 1708 1637 1773 ge·

144 1790 203 1837 ntra
221 1774 369 1859 provoluti
384 1776 473 1839 sacros
489 1796 653 1841 veneranttu
664 1781 791 1841 cineret,
811 1783 840 1837 &
853 1776 908 1835 line
920 1795 1041 1839 nurnero
1069 1772 1193 1855 suspensa
1217 1768 1422 1835 anathemarai
1442 1772 1494 1853 pila
1516 1772 1634 1837 clienti·

143 1857 300 1923 buaindiet
317 1877 475 1948 augenturt
498 1864 567 1925 ideo
580 1862 735 1925 secundum
757 1858 795 1921 ed
813 1858 1001 1921 conlidrnrirlt
1024 1856 1222 1930 all'umebatur,
1249 1856 1328 1935 quhd
1354 1858 1419 1918 Divi
1438 1856 1520 1917 nollti
1562 1860 1633 1921 lotia

140 1962 185 2007 tot
197 1947 353 2021 miraculis,
374 1944 508 2031 tantique
524 1950 655 2008 vetustate
668 1944 802 2013 stabilita,
831 1960 863 1999 ιιι
877 1942 981 2002 nedum
993 1959 1104 2020 tempus
1119 1945 1311 2002 centenarium
1330 1961 1394 2005 ante
1417 1944 1524 2007 Bullam
1540 1880 1632 2033 iungi

140 2030 255 2093 excedat
272 2073 283 2103 ‚
301 2030 347 2089 sed
358 2038 387 2089 ot
398 2030 488 2087 cultus
502 2050 567 2087 cum
581 2035 643 2104 Ejus
680 2024 787 2085 lorioso
805 2028 915 2107 caeperit
927 2026 1073 2109 hlartytio,

222 2116 246 2187 d.
266 2116 372 2175 Verum
386 2111 502 2195 quidem
519 2112 575 2186 ell,
598 2046 681 2191 qudi
699 2108 804 2171 lllullte
824 2110 882 2171 hoc
906 2112 1069 2193 Martyrium
1093 2112 1123 2169 in
1143 2130 1176 2171 ea
1199 2105 1330 2172 ceciderit
1352 2131 1503 2197 tempora,
1528 2116 1632 2198 quibua

144 2196 314 2261 llutlirarum
336 2197 414 2259 lurot
428 2220 475 2281 per
487 2196 645 2271 summam,
673 2216 756 2277 quam
772 2194 821 2255 sthi
830 2195 995 2279 sumpserat,
1021 2194 1177 2261 licentiam,
1199 2200 1281 2257 etiam
1297 2200 1349 2257 Dei
1364 2202 1476 2275 amicis,
1496 2211 1524 2263 ot
1546 2202 1631 2267 bonit

143 2285 247 2347 artibus
267 2280 372 2347 bellum
385 2284 510 2360 indixit,
524 2284 612 2365 quia,
628 2301 660 2344 ut
672 2280 798 2363 loquitur
812 2280 926 2353 Florim,
968 2282 1140 2343 Remundut
1161 2282 1196 2343 de
1219 2300 1273 2345 ort.
1289 2288 1374 2369 Prog.
1392 2293 1419 2345 δι
1433 2289 1630 2357 Ruin,llaerel,

143 2370 196 2437 lib,
212 2384 245 2455 4.
259 2390 316 2450 cap.
331 2384 366 2453 4,
406 2369 439 2430 ld
456 2369 520 2433 sani
534 2376 563 2430 in
575 2366 688 2430 llullitia
699 2368 864 2429 monllravit
879 2368 1066 2452 experientia,
1085 2372 1134 2448 qui
1147 2366 1257 2428 nullum
1270 2374 1392 2429 omnino
1410 2369 1629 2438 scelutintenta·

143 2473 205 2519 tutu
220 2455 406 2541 reliquerant,
423 2454 564 2518 tuncloca
582 2455 657 2517 stcra
672 2454 830 2537 profanata,
852 2456 1017 2516 Monalleria
1033 2453 1138 2520 diruta,
1168 2452 1290 2515 Ecclrfiae
1316 2455 1412 2515 eversae
1421 2499 1432 2529 ,
1459 2464 1487 2519 δι
1510 2456 1582 2521 lacta
1593 2484 1627 2526 ac

142 2541 262 2625 prolana
274 2542 371 2602 omnia
385 2540 492 2624 direpta
505 2543 629 2612 luentnt3
649 2539 742 2603 videre
754 2557 824 2600 tunc
836 2560 892 2601 ctat
917 2560 1033 2601 carceres
1049 2546 1077 2600 8<
1091 2539 1221 2623 etgallula
1234 2538 1364 2601 maleficis
1380 2547 1408 2601 8r
1421 2540 1565 2628 flagitiolie
1577 2546 1626 2608 tle·

141 2628 255 2693 ilinata,
283 2628 426 2688 bonorum
441 2632 585 2702 vitorum,
610 2628 660 2710 qui
680 2626 782 2686 furenti
803 2624 975 2686 multitudini
989 2626 1139 2687 consentire
1156 2624 1307 2699 nolebam,
1328 2626 1423 2709 plena,
1444 2636 1491 2688 vix
1505 2634 1625 2715 reperit.

146 2711 263 2779 bantur,
288 2714 337 2798 qui
355 2710 427 2773 benl
438 2711 652 2801 agerevellent,
673 2710 718 2773 vel
730 2710 879 2783 auderent,
900 2718 928 2772 δι
944 2712 1066 2792 denique
1079 2730 1154 2772 tanta
1169 2712 1220 2772 fuit
1232 2734 1322 2771 rerum
1337 2714 1524 2794 perturbatio,
1550 2721 1625 2782 utin

140 2800 288 2882 antiquum
304 2798 391 2861 chaoe
405 2802 503 2861 omnia
517 2800 637 2859 reditura
652 2798 825 2868 viderentur3
850 2802 915 2857 llaec
929 2798 1010 2881 pellis
1025 2795 1248 2859 florentillirnum
1269 2803 1390 2859 Boemiae
1411 2806 1558 2889 Regnum,
1570 2806 1623 2868 ful.

140 2884 327 2971 gurisinllar,
352 2882 481 2967 petvalit,
507 2890 535 2947 ἃ
546 2905 593 2966 ρει
607 2880 705 2945 saecula
730 2883 868 2957 turbavit,
889 2882 1006 2967 quando
1025 2884 1216 2956 Wenceslao,
1246 2901 1379 2967 tanquam
1391 2886 1478 2950 altero
1493 2891 1623 2955 Sardana·

139 2970 208 3055 palo
222 2969 330 3032 deliciit
342 2969 526 3032 indortuientc
542 2974 642 3032 Cacus
655 2967 701 3030 vel
717 2970 802 3031 Rasna
818 2968 953 3029 furentem
964 2967 1073 3051 plebem
1105 2990 1236 3031 nontam
1261 2971 1455 3053 gubernabat,
1482 2970 1565 3057 quim
1582 2977 1620 3039 ad

140 3058 246 3143 quovit
279 3054 411 3119 autlerrtla
436 3054 620 3141 impellebat,
644 3054 763 3139 quando
788 3056 814 3116 si
838 3051 968 3115 ismundo
989 3054 1084 3119 Caso,
1106 3055 1287 3116 Podiebradto
1304 3056 1450 3137 usurpante
1459 3066 1510 3121 &c
1552 3062 1622 3125 Sede

137 3141 386 3225 Archi-Episcopali
394 3164 442 3224 prr
459 3160 527 3228 140,
541 3162 630 3203 annos
639 3158 756 3201 vacante
768 3078 863 3200 miiira
873 3138 969 3221 inclyti
980 3144 1072 3225 Regni
1086 3140 1138 3201 hait
1153 3140 1252 3207 facies,
1278 3148 1305 3202 ar
1324 3142 1471 3223 praesertim
1490 3142 1622 3229 plerique

137 3226 257 3291 Archiva
270 3232 298 3287 8ι
314 3226 512 3299 Bibliotheca,
532 3228 642 3286 furente
660 3224 763 3305 plebe,
783 3226 812 3285 in
835 3228 938 3286 cineres
960 3225 1109 3298 abierunt3
1139 3244 1259 3287 attamen
1280 3226 1446 3309 disponente
1466 3230 1503 3289 ita
1522 3230 1619 3295 divini

136 3308 315 3395 providentii
330 3312 424 3395 plures
444 3309 537 3371 salvata
552 3310 614 3371 sunt
628 3310 753 3371 Codices
765 3310 800 3370 ab
819 3311 986 3373 authoribus
1007 3316 1293 3394 contemporaneis&
1315 3314 1412 3373 vicinis
1433 3312 1469 3375 de
1491 3314 1620 3401 glorioso

136 3398 195 3461 hoc
209 3397 363 3481 Martyrio,
391 3396 428 3458 de
440 3396 518 3458 cultu
530 3398 597 3457 huie
609 3400 695 3458 Beato
713 3397 849 3477 praelliro,
870 3397 906 3457 de
920 3398 1014 3482 gratiis
1029 3397 1065 3459 cd
1083 3396 1268 3460 intercedente
1286 3402 1435 3481 impetratis
1462 3403 1617 3487 conscripti,

133 3479 877 3654 hthmtllt⁸tlltii⁹550fltlhillini
897 3482 1044 3651 ltsslllj
1064 3484 1617 3655 ibiibi,iiil‘iiltssh'iii'j‘lif

134 3658 324 3737 utatdenique
336 3652 377 3721 id,
398 3654 478 3735 quotl
492 3654 693 3736 probandum,
719 3655 830 3714 traditio
856 3660 963 3716 Parrum
986 3656 1161 3730 nostrorum,
1185 3655 1361 3741 aliott'rmquc
1389 3661 1512 3720 virorum
1529 3672 1613 3745 Apo-

131 3740 293 3801 llolieorttm
307 3738 341 3799 ad
356 3760 409 3801 noe
425 3740 514 3821 usquc
528 3738 676 3821 perducit,
696 3742 818 3822 plurium
831 3740 1054 3823 gravilhmorutn
1067 3742 1190 3804 Tedium
1208 3742 1350 3805 assertione
1372 3741 1469 3827 Jutatd
1485 3744 1614 3828 depnfitd

130 3824 256 3899 firmati,
276 3830 305 3887 de
319 3829 384 3909 quia
403 3828 516 3911 gratiae,
542 3847 610 3905 quat
622 3832 699 3887 Deus
711 3848 757 3907 per
769 3824 993 3887 lrrtetcelliotrem
1010 3830 1090 3893 huius
1104 3831 1194 3889 sancti
1205 3834 1329 3912 Martyris
1343 3826 1490 3891 liberaliter
1509 3832 1614 3915 sparsit,

123 3910 218 3975 indict
234 3910 503 3995 multiplicabantur,
526 3916 611 3973 crevit
627 3913 735 3985 cultus,
760 3918 788 3973 dr
806 3934 854 3995 per
865 3932 965 3974 omnes
982 3914 1083 3975 mundi
1098 3916 1224 3997 partetse
1240 3912 1413 3976 sedilatavit.

208 3998 230 4071 h
256 4002 315 4059 Nec
326 3996 394 4060 ideo
405 4016 498 4059 tamen
512 4004 575 4081 quie
591 3996 691 4059 temeri
706 3994 810 4079 culpet,
836 3997 977 4081 moratiue
997 4021 1059 4061 reot
1080 3996 1174 4061 all'etat
1188 3998 1436 4063 llevcrtndiffimoc
1446 4007 1476 4065 bt
1493 3998 1609 4067 eelfiffi·

127 4100 191 4143 tuos
203 4085 344 4145 Dominus
360 4080 524 4146 Ordtnariot
539 4083 707 4171 Pragenset,
734 4080 814 4167 quaid
833 4084 996 4147 inllrrrendit
1019 4084 1190 4147 l'rocellibua
1211 4104 1326 4147 manum
1346 4108 1403 4148 non
1418 4087 1611 4193 ¹apposuerint

124 4164 222 4247 etur,
235 4166 501 4255 labonverintquc,
524 4188 557 4235 ut
577 4166 711 4237 Calituat
731 4172 884 4249 honoret,
913 4173 963 4259 qni
981 4170 1048 4235 huie
1066 4172 1194 4259 glorioso
1219 4172 1335 4261 ttaryrt
1366 4194 1467 4241 ntoxa
1479 4173 1609 4325 perpalp'p
