3352 4680
41 241 82 277 μ’
133 252 293 277 uua-

722 152 1036 239 nantario.
1235 210 1299 255 ,λ

135 286 265 371 aliasque
274 288 379 367 Regias,
388 279 553 342 &sublimes
566 282 738 351 Perlonc,ut
747 280 990 361 exipisiolisinrer
1003 286 1069 343 Asia
1079 286 1311 369 tegtslratislatitis
1326 286 1553 366 apparet,lecutae
1563 284 1626 342 lise.

136 368 222 442 sunit
246 368 403 439 accedebat,
416 362 1625 446 quodReverendiffimus&EminenrillitntrsCardinalisabAltbancausael'onrnsiire.

133 451 643 535 rienomimmnquimtdevotionem
661 472 728 536 erga
742 452 864 511 sanciunt
880 450 961 513 suum
978 452 1139 539 indigerent
1156 475 1220 513 cum
1252 474 1377 515 tnaterno
1405 452 1473 513 lasic
1488 454 1625 521 bauscaat,

40 560 44 569 “
132 540 245 606 maltum
261 541 351 605 eidem
369 538 492 599 exhiberi
512 536 624 599 solitum
647 538 775 598 oculatus
792 536 864 597 tellis
888 536 1072 617 spedaverat,
1093 546 1121 599 δι
1137 538 1170 597 ad
1185 547 1243 615 ejus
1270 537 1411 599 tumulum
1434 538 1575 620 sapiffimd
1593 546 1624 601 itt

135 649 237 715 genua
251 624 421 711 provolutus
435 624 524 685 sacros
539 626 644 684 cineres
663 642 821 687 veneratus,
844 640 926 701 atque
942 623 979 683 de
1001 624 1210 709 flagrantissimo
1224 623 1365 684 clientum
1379 624 1517 683 desiderio
1533 626 1626 687 insor-

134 727 311 784 matuserat3
335 716 372 772 ita
384 710 420 771 ab
433 710 586 770 Eminentia
599 709 647 768 sua
662 710 700 767 nil
720 708 939 789 aliudexpesiari
955 727 1078 788 poterat,
1104 708 1188 792 quint
1201 728 1236 768 ιιι
1258 710 1367 769 causam
1388 710 1543 769 inslrut‘latn
1566 710 1623 771 stne

135 818 220 861 mora
235 813 421 883 proponeret,
441 792 617 941 dipnrimquc
629 790 729 854 officiii
740 798 770 853 aa
783 791 865 855 Missi
877 790 928 854 sub
944 799 1142 876 pronunciaret
1158 793 1246 869 votd,
1270 802 1348 873 cujus
1363 794 1532 855 stnsiitatesn
1547 803 1625 858 Deus

136 900 203 947 tam
216 880 354 969 liupendb
369 882 472 943 mitam
485 878 505 941 ὂ
520 880 747 941 manifellaverat.

221 972 246 1047 s.
268 970 334 1044 Διὶ,
357 985 390 1028 ut
402 965 467 1027 sunt
481 964 591 1027 fallaces
615 966 765 1027 bominum
782 961 864 1043 spes,
890 984 997 1026 moram
1019 966 1119 1037 iniecit
1141 965 1282 1045 inopinata
1306 986 1383 1027 rnoss
1412 963 1561 1027 Clementis
1577 969 1623 1028 lsi.

138 1059 226 1119 l’ont.
239 1061 311 1117 Max.
319 1056 368 1138 qui
380 1052 416 1115 de
430 1052 508 1114 causa
526 1074 561 1112 et
578 1056 688 1137 integro
706 1050 887 1124 informatus,
905 1056 1157 1135 congregationum
1178 1056 1311 1114 terminos
1333 1051 1568 1125 iamdefiniverat,
1590 1054 1621 1113 in

123 1142 246 1225 'quibus
261 1142 299 1203 de
313 1139 409 1200 Causas
424 1136 628 1199 introductione
648 1179 657 1208 ,
683 1136 895 1197 confirmatione
917 1137 1056 1197 sententiar
1076 1144 1224 1221 Pragenoe,
1251 1138 1287 1197 dc
1302 1136 1489 1199 concedendis
1502 1136 1582 1198 Missa
1596 1144 1624 1199 dt

124 1226 253 1287 -offieio
268 1224 468 1287 disculliofieri
482 1222 617 1295 debebat,
642 1230 753 1305 jamque
774 1221 973 1304 approbaverat
987 1221 1081 1282 Causa
1102 1221 1354 1296 introdusiioncm,
1379 1232 1407 1283 bt
1436 1244 1487 1304 pro
1508 1223 1624 1284 Coralis·

140 1316 273 1375 macione
283 1310 422 1374 sententias
433 1310 519 1371 Archi
533 1308 699 1391 Episcopalis
713 1308 878 1367 conclusum
896 1322 966 1378 erar3
986 1307 1048 1373 scd,
1068 1326 1212 1390 antequam
1234 1306 1330 1369 ultima
1351 1328 1446 1369 inanus
1466 1310 1623 1390 imponere·

140 1415 208 1471 tur,
233 1418 281 1481 pet
303 1414 421 1458 mortem
435 1398 493 1465 eius
508 1394 687 1455 l’ontificatus
711 1413 808 1453 vacate
823 1395 911 1475 cepit.
954 1400 997 1455 De
1011 1411 1133 1472 ternpore
1146 1392 1301 1479 agebatur,
1331 1392 1387 1454 sind
1401 1394 1524 1476 periculo
1538 1394 1623 1454 causa

138 1482 314 1569 principalia,
338 1488 417 1555 maius
432 1481 558 1551 iuslitiarn
572 1482 648 1539 Deus
658 1498 706 1561 per
719 1480 864 1537 innumera
883 1477 1029 1556 {miracula
1050 1477 1127 1561 [quae
1140 1500 1187 1560 per
1204 1480 1351 1551 billorias,
1371 1500 1569 1552 monumenta,
1595 1484 1623 1541 dt

135 1576 252 1652 juratos
266 1568 345 1630 tedes
364 1566 486 1651 probata
500 1586 569 1625 curn
584 1582 711 1644 tempore
735 1562 978 1646 publicabuntur]
1003 1563 1139 1645 speciatim
1155 1578 1207 1647 'per
1229 1564 1390 1626 miraculose*
1409 1564 1425 1625 a
1444 1568 1622 1647 corruptione

137 1654 334 1719 conservatam
345 1660 453 1715 Sacram
468 1654 607 1735 Linguam
613 1648 757 1709 indubiam
771 1651 850 1718 secit3
874 1649 1128 1731 Qemadmodutn
1145 1658 1172 1711 δι
1185 1649 1335 1712 modernus
1350 1650 1535 1713 Sandissnnus
1544 1657 1623 1713 lon

139 1744 215 1807 tifex
232 1748 412 1801 innocenrtus
424 1741 491 1799 lllll.
502 1758 604 1799 votum
616 1735 856 1821 congregationis
878 1739 941 1819 3tiae
968 1734 1013 1797 die
1027 1754 1092 1811 ‘lma
1111 1738 1187 1817 junii
1206 1739 1304 1798 habitat
1324 1739 1444 1819 benigne*
1461 1738 1625 1815 approbavit

139 1848 196 1913 pro
210 1824 382 1888 conceffione
400 1820 499 1885 officii
513 1828 541 1885 δι
556 1820 640 1883 Mille
656 1821 693 1881 de
705 1821 850 1882 communi
865 1822 950 1881 unius
964 1826 1089 1903 Martyris
1101 1822 1151 1880 sub
1164 1822 1229 1880 nitu
1243 1820 1348 1899 duplici
1368 1840 1417 1896 pro
1431 1824 1533 1902 Regno
1546 1825 1622 1880 Boe·

137 1918 234 1987 anias,
261 1919 291 1973 bt
310 1908 359 1972 sub
384 1912 451 1972 Ritu
464 1908 652 1992 semiduplici,
677 1928 730 1985 pro
744 1908 891 1965 Germania
907 1910 938 1963 tir
955 1906 1073 1963 statibus
1101 1904 1272 1963 hereditariis
1291 1900 1490 1985 Augustiffimae
1511 1903 1623 1968 Domtis

137 1998 305 2073 auſtriaca,
324 1994 460 2078 &quoad
474 1991 680 2051 translationem
696 1990 822 2067 corporis
842 2008 895 2067 pro
908 1988 998 2071 gracia
1016 1986 1053 2047 ad
1073 1986 1203 2047 effectum
1222 1985 1380 2050 collocandi
1404 1986 1474 2050 intri
1497 1992 1620 2055 mensam

139 2086 240 2149 aitaris
256 2080 291 2140 ad
303 2080 453 2137 Arbitrium
464 2068 926 2152 Reverendislimidtcbi-Episcopi
936 2072 1084 2155 Pragensts,

220 2170 250 2241 s.
269 2165 325 2225 Vix
339 2158 455 2222 allatuin
468 2177 523 2221 erat
538 2159 682 2220 Nuntium
698 2153 926 2217 desderatissimae
946 2158 1029 2234 hujus
1041 2158 1196 2234 sententie,
1217 2163 1245 2223 dt
1270 2182 1338 2223 mox
1355 2162 1423 2224 Dies
1443 2160 1624 2242 quartalulii,

135 2254 240 2318 bando
252 2248 389 2330 Procopio
399 2254 495 2312 Sacra,
513 2242 758 2317 denominabitur,
781 2263 833 2326 pro
849 2243 943 2325 primis
955 2242 1094 2307 solemniis
1105 2244 1230 2331 glorioso
1245 2252 1357 2331 Martyri
1373 2248 1547 2320 exhibendis,
1559 2270 1623 2329 que

133 2360 190 2423 pes
206 2334 375 2423 presentiam
399 2328 602 2419 Augustisfima
614 2332 793 2411 imperatricis
815 2350 849 2389 et
868 2330 982 2391 thermis
991 2332 1128 2397 carolinis
1144 2335 1280 2394 Viennam
1301 2335 1466 2407 remeantis,
1493 2335 1623 2407 mannisi-

138 2426 295 2495 cabantur,
315 2418 441 2501 dtianue
456 2412 616 2500 tempestive
630 2415 699 2476 sacra
710 2412 768 2475 offa
779 2437 843 2475 curn
856 2417 1015 2501 incorrupta
1025 2416 1124 2515 linpua
1146 2439 1181 2479 ex
1196 2418 1309 2481 tumulo
1325 2418 1414 2481 levata
1427 2424 1455 2479 in
1471 2402 1583 2502 Capella
1593 2428 1621 2487 S.

139 2508 308 2575 wenceslai
328 2503 455 2587 tantisper
480 2500 635 2565 honorilice
658 2500 782 2582 deposta
802 2498 904 2575 essent,
929 2522 1085 2586 comparuit
1103 2502 1177 2565 dieta
1194 2504 1241 2567 die
1254 2504 1388 2567 invitatus
1411 2510 1501 2591 Regni
1515 2506 1624 2579 cletus,

138 2597 267 2684 Regium
281 2590 457 2653 Gubernium
467 2610 530 2649 cum
546 2590 648 2649 caeteris
663 2588 831 2663 Dicasteriis,
856 2588 1020 2650 universitas
1037 2594 1181 2674 l’rsgena,
1202 2612 1268 2652 cum
1287 2592 1487 2675 Magistratibus
1500 2594 1621 2658 rriurbis,

131 2678 341 2745 'confluxitvix
357 2696 417 2738 non
431 2670 811 2759 integraliocmaliobilitan
831 2681 859 2735 δι
871 2678 1033 2736 innumerus
1052 2677 1104 2738 suit
1123 2674 1246 2758 populus
1265 2677 1396 2758 presens,
1422 2696 1453 2737 ut
1475 2678 1623 2741 &videret

139 2767 324 2853 prodigium,
351 2760 432 2843 quod
447 2767 523 2822 Deus
538 2783 601 2821 curn
618 2759 772 2822 conservata
785 2765 865 2821 Sacra
879 2762 972 2845 lingua
994 2781 1124 2843 operatus
1141 2782 1214 2827 crat,
1240 2770 1268 2823 bt
1289 2782 1320 2823 ut
1340 2771 1416 2822 Sacra
1432 2763 1495 2823 Ossa
1508 2786 1621 2824 venera·

138 2868 232 2925 rentr;
254 2850 375 2935 portavit
384 2850 412 2909 in
423 2847 549 2909 ordinata
561 2845 730 2927 processione
741 2845 836 2929 sapius
842 2845 943 2907 ilisiam
959 2855 1064 2909 Sacram
1075 2850 1203 2933 linguam
1217 2848 1464 2911 Reverendiilimus
1480 2858 1507 2909 δι
1522 2848 1620 2910 Celsts·

138 2938 227 3001 fiatur
237 2936 419 3008 ordinarius,
430 2934 533 2995 facturn
544 2938 652 3013 Corprrs
663 2952 755 2993 autern
766 2934 887 2994 bumeris
895 2934 1086 3016 imposuerunt
1098 2942 1150 2995 Sex
1162 2936 1296 2995 canonici
1316 2932 1436 2997 acclesiae
1458 2938 1623 3015 Metropoli-

137 3042 212 3086 eante
222 3022 308 3103 usque
320 3019 354 3081 ad
366 3028 493 3081 Domum
502 3016 717 3100 trepontium,
737 3020 785 3079 ubi
802 3018 870 3079 illud
888 3018 1058 3099 susceperunt
1073 3026 1124 3079 Sex
1140 3022 1167 3078 in
1194 3026 1292 3103 Regno
1323 3022 1425 3081 l‘raelati
1438 3064 1447 3092 ,
1467 3024 1571 3099 quibus
1590 3026 1619 3081 in

136 3109 405 3195 defignatastatione
416 3108 461 3167 lex
471 3108 533 3171 alii,
553 3113 581 3166 ᾱ
592 3106 634 3165 his
650 3102 843 3169 Universttatis
861 3102 1035 3169 Professores.
1056 3106 1099 3165 his
1110 3122 1202 3165 autem
1216 3106 1456 3167 Leutomericensss
1469 3112 1496 3166 δι
1507 3107 1620 3187 Reginae

136 3194 307 3261 Radecensts
320 3192 494 3255 Ecclefiatunt
507 3192 658 3252 canonici,
684 3194 713 3249 δι
728 3188 843 3249 demum
857 3194 949 3249 Curati
972 3190 1114 3275 Pragenses
1134 3187 1327 3264 successerunt,
1348 3190 1438 3251 donec
1463 3192 1499 3251 ad
1522 3196 1620 3251 introi-

138 3300 204 3344 tum
219 3280 439 3358 Metropolitanae
452 3274 573 3337 Ecclesia
588 3271 717 3355 portandi
729 3275 823 3334 bonor
838 3273 872 3333 ad
891 3280 1048 3337 Canonicos
1066 3280 1163 3335 iterum
1178 3276 1303 3341 redierit.
1332 3282 1379 3357 qui
1405 3277 1474 3337 illud
1494 3275 1527 3336 ad
1539 3300 1620 3339 men-

133 3366 200 3435 sam
214 3364 295 3445 supra
311 3364 452 3421 tumulum
470 3364 536 3421 intra
551 3357 611 3420 duo
624 3360 722 3419 Altaria
733 3358 828 3419 sandio
843 3362 936 3421 nolito
953 3368 1008 3437 jam
1022 3362 1038 3422 ai
1046 3362 1170 3446 pluribus
1185 3364 1418 3424 annisconllsusit
1429 3362 1619 3444 reposuerunt,

139 3454 173 3515 in
192 3472 247 3534 qua
264 3449 299 3511 de
314 3448 389 3509 fasso
402 3447 517 3528 publica
528 3446 1049 3529 venerationiexpositumconspicitnt,
1069 3456 1146 3507 Sacra
1166 3468 1257 3509 autern
1275 3454 1383 3533 Lingua
1402 3454 1431 3509 in
1463 3452 1616 3529 capellas.

139 3536 313 3602 Wenceslao
335 3532 426 3594 dicata
445 3530 570 3615 religiosi
587 3530 752 3597 custoditura
780 3530 952 3593 claudebatur
965 3532 1112 3594 solennitas
1129 3533 1245 3617 Hytnnti
1273 3533 1473 3599 Ambrosiam&
1495 3542 1523 3595 bi
1537 3536 1621 3596 Sacri·

138 3622 209 3691 ficio
224 3622 307 3683 nilla
319 3624 383 3679 Deo
395 3622 423 3679 in
439 3620 576 3679 honorent
586 3619 676 3677 sancii
691 3622 809 3699 Joannis
829 3616 944 3687 oblatri3
965 3624 1121 3679 continuata
1135 3620 1188 3681 fuit
1200 3620 1355 3681 solemnitas
1367 3618 1553 3702 inexplicabili
1567 3624 1621 3683 lto-

140 3714 253 3773 minum
264 3702 397 3769 confluxu
411 3725 460 3785 per
470 3702 630 3775 ociiduum,
649 3702 695 3763 sed
711 3708 740 3765 bt
752 3703 808 3763 boc
821 3696 960 3782 lapsonon
974 3702 1055 3765 cellit
1070 3706 1190 3767 devotus
1202 3708 1325 3787 populus
1339 3708 1464 3790 quotidie
1492 3708 1565 3788 apud
1578 3709 1621 3770 sa-

142 3816 189 3858 era
209 3788 267 3855 offa
281 3810 453 3871 comparere,
477 3798 507 3851 br
534 3791 714 3871 patrocinium
741 3790 909 3869 implorare,
928 3792 975 3853 vel
996 3813 1046 3871 pro
1076 3792 1224 3871 impetratis
1250 3794 1347 3879 gratiis
1380 3794 1479 3878 gratias
1510 3796 1620 3865 reserrea

140 3883 241 3945 sruitut
254 3880 279 3937 is
297 3898 371 3938 nunc
385 3880 510 3957 Martyris
523 3876 632 3936 bonore
648 3894 695 3955 per
706 3876 900 3935 authoritatem
912 3877 1009 3937 Chrisli
1024 3883 1052 3937 in
1066 3880 1139 3938 terris
1151 3882 1266 3953 vicarii,
1285 3882 1334 3958 qui
1349 3896 1381 3937 ut
1400 3877 1489 3960 ipsum
1511 3877 1621 3941 formali

137 3962 354 4027 Cartouisatione
370 3980 434 4023 ante
468 3961 543 4022 diem
581 3964 797 4022 anniversariam
823 3965 984 4023 Sanctorum
1002 3964 1078 4025 Albo
1091 3962 1205 4039 inserat,
1227 3965 1346 4045 sperant,
1371 3972 1399 4024 dt
1411 3981 1511 4048 rogant
1523 3965 1622 4027 devoti

137 4048 273 4115 dientes.
295 4050 335 4110 esl
346 4046 382 4109 ad
395 4048 454 4109 ltoc
467 4050 577 4108 materia
597 4064 740 4128 preparata
751 4088 761 4115 ,
787 4046 918 4135 prodigia
930 4054 960 4112 dt
970 4051 1100 4112 miracula
1122 4054 1287 4116 examinata,
1306 4054 1335 4111 dt
1349 4070 1396 4133 per
1421 4056 1529 4130 Juratos
1543 4054 1621 4115 testes

135 4134 270 4225 probam
293 4140 325 4201 is
337 4132 408 4223 quid
421 4134 532 4201 auibus
542 4154 614 4222 optas
627 4132 686 4204 elil
706 4132 772 4199 citur
783 4140 861 4200 Deus
873 4138 1051 4202 Sanffitateru
1064 4138 1114 4204 viri
1130 4158 1179 4223 pu
1191 4134 1427 4208 cwsuvatioucm
1438 4136 1513 4201 iliius
1523 4140 1623 4203 ulitu-

187 4284 195 4298 .
1542 4248 1625 4297 nen·
